<mx:record xmlns="http://www.w3.org/TR/xhtml1/strict" xmlns:mx="http://www.loc.gov/MARC21/slim" xmlns:xsi="http://www.w3.org/2001/XMLSchema-instance"><mx:leader>00000nz   2200000n  0000</mx:leader><mx:controlfield tag="001">oca03904460 </mx:controlfield><mx:controlfield tag="005">19950823060857.1</mx:controlfield><mx:controlfield tag="008">950821n| acannaab|          |a aaa     c</mx:controlfield><mx:datafield ind1=" " ind2=" " tag="010"><mx:subfield code="a">nr 95030634</mx:subfield></mx:datafield><mx:datafield ind1=" " ind2=" " tag="040"><mx:subfield code="a">NNC</mx:subfield><mx:subfield code="c">NNC</mx:subfield></mx:datafield><mx:datafield ind1="1" ind2=" " tag="100"><mx:subfield code="a">Turpilius, Sex.</mx:subfield><mx:subfield code="q">(Sextus),</mx:subfield><mx:subfield code="d">d. 103 B.C.</mx:subfield></mx:datafield><mx:datafield ind1="1" ind2=" " tag="400"><mx:subfield code="a">Turpilius, Sextus,</mx:subfield><mx:subfield code="d">d. 103 B.C.</mx:subfield></mx:datafield><mx:datafield ind1="0" ind2=" " tag="400"><mx:subfield code="a">Sex. Turpilius,</mx:subfield><mx:subfield code="d">d. 103 B.C.</mx:subfield></mx:datafield><mx:datafield ind1=" " ind2=" " tag="670"><mx:subfield code="a">His Palliatae [CF] 1991:</mx:subfield><mx:subfield code="b">PHI CD ROM #5.3, Latin Canon, bibliographic screen (Sex. Turpilius)</mx:subfield></mx:datafield><mx:datafield ind1=" " ind2=" " tag="670"><mx:subfield code="a">Pauly-Wissowa:</mx:subfield><mx:subfield code="b">2. Reihe, 14. Halbbd.;&amp;#034;Turpilius&amp;#034;, #7 (Sextus Turpilius; composer of Roman Palliatae, d. 103 B.C.)</mx:subfield></mx:datafield><mx:datafield ind1=" " ind2=" " tag="670"><mx:subfield code="a">Oxford class. dict., 1st ed.:</mx:subfield><mx:subfield code="b">p. 929 (Turpilius, Sextus; d. 103 B.C.; Latin composer of comoediae palliatae)</mx:subfield></mx:datafield><mx:datafield ind1=" " ind2=" " tag="670"><mx:subfield code="a">NUC pre-56:</mx:subfield><mx:subfield code="b">v. 605, p. 341 (Turpilius, Sextus)</mx:subfield></mx:datafield><mx:datafield ind1=" " ind2=" " tag="999"><mx:subfield code="a">14</mx:subfield></mx:datafield></mx:record>